<record><leader>00000cas a22000007a 4500</leader><controlfield tag="001">29355326</controlfield><controlfield tag="008">931119d19621979moucr ne      0    0eng d</controlfield><datafield ind1=" " ind2=" " tag="010"><subfield code="a">sn 93060104 </subfield></datafield><datafield ind1=" " ind2=" " tag="040"><subfield code="a">MQN</subfield><subfield code="b">eng</subfield><subfield code="c">MQN</subfield><subfield code="d">OCLCQ</subfield></datafield><datafield ind1=" " ind2=" " tag="042"><subfield code="a">msc</subfield></datafield><datafield ind1="0" ind2="0" tag="245"><subfield code="a">Gladstone dispatch.</subfield></datafield><datafield ind1=" " ind2=" " tag="260"><subfield code="a">Gladstone, Mo. :</subfield><subfield code="b">Clay County Pub. Co.,</subfield><subfield code="c">1962-1979.</subfield></datafield><datafield ind1=" " ind2=" " tag="300"><subfield code="a">v.</subfield></datafield><datafield ind1=" " ind2=" " tag="310"><subfield code="a">Semiweekly</subfield></datafield><datafield ind1=" " ind2=" " tag="321"><subfield code="a">Weekly</subfield></datafield><datafield ind1="0" ind2=" " tag="362"><subfield code="a">Vol. 8, no. 49 (Aug. 28, 1962)- ; -v. 64, no. 93 (Aug. 31, 1979).</subfield></datafield><datafield ind1=" " ind2="4" tag="651"><subfield code="a">Gladstone (Mo.)</subfield><subfield code="v">Newspapers.</subfield></datafield><datafield ind1=" " ind2=" " tag="752"><subfield code="a">United States</subfield><subfield code="b">Missouri</subfield><subfield code="c">Clay</subfield><subfield code="d">Gladstone.</subfield></datafield><datafield ind1="0" ind2="0" tag="780"><subfield code="t">Gladstone news</subfield><subfield code="w">(DLC)sn 93060103</subfield></datafield><datafield ind1="0" ind2="0" tag="785"><subfield code="t">Clay dispatch-tribune</subfield><subfield code="w">(DLC)sn 93060105</subfield></datafield><datafield ind1="1" ind2=" " tag="029"><subfield code="a">AU@</subfield><subfield code="b">000025860673</subfield></datafield></record>